@book{hcv,
	author = {H C Verma},
	title = {Concepts of Physics. Vol 1 \& 2},
	edition = {2},
	publisher = {Bharti Bhawan},
	address = {IIT Kanpur},
	year = {2011}
}

@book{rh,
	author = {David Halliday, Robert Resnick, Jearl Walker},
	title = {Fundamentals of Physics},
	edition = {9},
	publisher = {John Wiley \& Sons, Inc.},
	address = {New York NY},
	year = {2009}
}

@misc{wikicoam,
	author = {Wikipedia},
	title = {Conservation of angular momentum},
	howpublished = {Available at \\ \url{http://en.wikipedia.org/wiki/Conservation\_of\_angular\_momentum\#Conservation\_of\_angular\_momentum}}
}

@misc{wikirest,
	author = {Wikipedia},
	title = {Coefficient of restitution},
	howpublished = {Available at \url{http://en.wikipedia.org/wiki/Coefficient\_of\_restitution}}
}
@misc{wikilaw2,
	author = {Wikipedia},
	title = {Newton's laws of motion},
	howpublished = {Available at \url{http://en.wikipedia.org/wiki/Newton's\_laws\_of\_motion}}
}

