@misc{youtube1,
	author = {Dan Izzo},
	title = {How a Steam Engine works},
	howpublished = {Available at \\ "\url{https://www.youtube.com/watch?v=ESfSG2OlQYQ}"}
}

@misc{youtube2,
	author = {mekanizmalar},
	title = {Steam Locomotive dedicated to CSR 3463 Project},
	howpublished = {Available at "\url{https://www.youtube.com/watch?v=d1OpJzWTk8g}"}
}
@misc{model1,
	author = {Wikipedia},
	title = {Walschaerts motion},
	howpublished = {Available at "\url{http://upload.wikimedia.org/wikipedia/commons/0/08/Walschaerts\_motion.gif}"}
}

@misc{contactlistener,
	author = {Box2D.org},
	title = {Simplest way to use Contact Listener for Pong game?},
	howpublished = {Available at "\url{http://www.box2d.org/forum/viewtopic.php?f=3&t=7886}"}
}

@misc{perf,
	author = {kernel.org},
	title = {Perf wiki},
	howpublished = {Available at "\url{https://perf.wiki.kernel.org/index.php/Main\_Page}}
}